@online{BO,
author = {Gouvernement},
title = {Bulletin officiel},
year = {2017},
url = {https://www.education.gouv.fr/pid25535/bulletin_officiel.html?cid_bo=57629},
note = {\href{https://www.education.gouv.fr/pid25535/bulletin_officiel.html?cid_bo=57629}{Bulletin officiel}}
}
@online{LivreNunSTL,
author = {Education nationale},
title = {Livre numérique de Terminal STL},
year = {2018},
url = {http://sciences-physiques-et-chimiques-de-laboratoire.org/course/view.php?id=7&section=16},
note = {\href{http://sciences-physiques-et-chimiques-de-laboratoire.org/course/view.php?id=7&section=16}{Livre numérique de Terminal STL}}
}
@online{ElementariumJavel,
author = {L'élémentarium},
title = {Production industrielle de l'eau de Javel},
year = {2017},
url = {https://www.lelementarium.fr/product/eau-de-javel/},
note = {\href{https://www.lelementarium.fr/product/eau-de-javel/}{Production industrielle de l'eau de Javel}}
}
@online{Eurochlor,
author = {Eurochlor},
title = {How are chlorine and caustic soda made?},
year = {2017},
url = {https://www.eurochlor.org/about-chlor-alkali/how-are-chlorine-and-caustic-soda-made/},
note = {\href{https://www.eurochlor.org/about-chlor-alkali/how-are-chlorine-and-caustic-soda-made/}{How are chlorine and caustic soda made?}}
}

@online{Levothyrox,
author = {de Saint-Circq, Axel},
title = {Levothyrox},
year = {2018},
url = {https://www.pourquoidocteur.fr/Articles/Question-d-actu/24371-Levothyrox-nombre-inattendu-d-effets-secondaires-deja-connus-Elements-d-explication},
note = {\href{https://www.pourquoidocteur.fr/Articles/Question-d-actu/24371-Levothyrox-nombre-inattendu-d-effets-secondaires-deja-connus-Elements-d-explication}{Levothyrox}}
}

@online{Guidepharmasante,
author = {GuidePharmaSanté},
title = {Les chiffres-clés du marché du médicament},
year = {2017},
url = {http://www.guidepharmasante.fr/chiffres-cles/les-chiffres-cles-du-marche-du-medicament-1},
note = {\href{http://www.guidepharmasante.fr/chiffres-cles/les-chiffres-cles-du-marche-du-medicament-1}{Les chiffres-clés du marché du médicament}}
}