@book{Crouzet-Deprost1996,
author = {Crouzet-Deprost, Dominique and D{\'{e}}pr{\'{e}}s-Homo, Karine and Sadou, Sophie and Fournier, Josette},
edition = {Formation,},
keywords = {agreg},
mendeley-tags = {agreg},
title = {{Chimie dans la maison}},
year = {1996}
}
@book{Girard2015,
author = {Girard, Florence and Girard, J{\'{e}}r{\^{o}}me},
edition = {De Boeck},
keywords = {agreg},
mendeley-tags = {agreg},
title = {{Chimie inorganique et g{\'{e}}n{\'{e}}rale : des exp{\'{e}}riences pour mieux comprendre}},
year = {2015}
}
@book{Cachau-Hereillat2011,
author = {Cachau-Hereillat, Danielle},
edition = {De Boeck},
keywords = {agreg},
mendeley-tags = {agreg},
title = {{Des exp{\'{e}}riences de la famille R{\'{e}}d-Ox}},
year = {2011}
}
@book{Bertin1984,
author = {Bertin, Michel and Faroux, Jean-Pierre and Renault, Jacques},
edition = {Dunod},
keywords = {agreg},
mendeley-tags = {agreg},
title = {{Electromagn{\'{e}}tisme 1}},
year = {1984}
}
@book{Faroux1996,
author = {Faroux, Jean-Pierre and Renault, Jacques},
edition = {Dunod},
keywords = {agreg},
mendeley-tags = {agreg},
title = {{Electromagn{\'{e}}tisme 1}},
year = {1996}
}
@book{Bertin1979,
author = {Bertin, Michel and Faroux, Jean-Pierre and Renault, Jacques},
edition = {Dunod},
keywords = {agreg},
mendeley-tags = {agreg},
title = {{Electromagn{\'{e}}tisme 2}},
year = {1979}
}
@book{Faroux1998,
author = {Faroux, Jean-Pierre and Renault, Jacques},
edition = {Dunod},
keywords = {agreg},
mendeley-tags = {agreg},
title = {{Electromagn{\'{e}}tisme 2}},
year = {1998}
}
@book{Bertin1986,
author = {Bertin, Michel and Faroux, Jean-Pierre and Renault, Jacques},
edition = {Dunod},
keywords = {agreg},
mendeley-tags = {agreg},
title = {{Electromagn{\'{e}}tisme 3}},
year = {1986}
}
@book{Perez2009,
abstract = {Calculatoire},
author = {P{\'{e}}rez, Jean-Philippe and Carles, Robert and Fleckinger, Robert},
edition = {Dunod},
keywords = {agreg},
mendeley-tags = {agreg},
title = {{Electromagn{\'{e}}tisme, Fondements et applications}},
year = {2009}
}
@book{Chenevez1999,
author = {Chenevez, Olivier},
edition = {Prepamath},
keywords = {agreg},
mendeley-tags = {agreg},
title = {{Electromagn{\'{e}}tisme, Physique des ondes}},
year = {1999}
}
@book{Buchere2017,
author = {Buch{\`{e}}re, Porteu-De},
edition = {Dunod},
keywords = {agreg},
mendeley-tags = {agreg},
title = {{Epreuve orale de chimie}},
year = {2017}
}
@book{Dunac2019,
author = {Dunac, Flore and {Le Mar{\'{e}}chal}, Jean-Fran{\c{c}}ois},
edition = {Dunod},
keywords = {agreg},
mendeley-tags = {agreg},
title = {{Exp{\'{e}}riences de chimie, Aspects p{\'{e}}dagogiques et s{\'{e}}quences d'enseignement}},
year = {2019}
}
@book{Fabre2015,
author = {Fabre, Claude and Antoine, Charles and Treps, Nicolas},
edition = {Dunod},
keywords = {agreg},
mendeley-tags = {agreg},
title = {{Introduction {\`{a}} la physique moderne : relativit{\'{e}} et physique quantique}},
year = {2015}
}
@book{Faroux1996a,
author = {Faroux, Jean-Pierre and Renault, Jacques},
edition = {Dunod},
keywords = {agreg},
mendeley-tags = {agreg},
title = {{M{\'{e}}canique 1}},
year = {1996}
}
@book{Faroux1997,
author = {Faroux, Jean-Pierre and Renault, Jacques},
edition = {Dunod},
keywords = {agreg},
mendeley-tags = {agreg},
title = {{M{\'{e}}canique 2}},
year = {1997}
}
@book{BFROptique,
author = {Bertin, Michel and Faroux, Jean-Pierre and Renault, Jacques},
edition = {Dunod},
keywords = {agreg},
mendeley-tags = {agreg},
title = {{Optique et physique ondulatoire}},
year = {1986}
}
@book{Faroux1999,
author = {Faroux, Jean-Pierre and Renault, Jacques},
edition = {Dunod},
keywords = {agreg},
mendeley-tags = {agreg},
title = {{Optique et physique ondulatoire}},
year = {1999}
}
@book{Lumbroso1996,
author = {Lumbroso, Hubert},
edition = {Dunod},
keywords = {agreg},
mendeley-tags = {agreg},
title = {{Optique g{\'{e}}om{\'{e}}trique et ondulatoire}},
year = {1996}
}
@book{Perez2017,
author = {P{\'{e}}rez, Jean-Philippe},
edition = {Dunod},
keywords = {agreg},
mendeley-tags = {agreg},
title = {{Optique, Fondements et applications}},
year = {2017}
}
@book{Fruchart2016,
author = {Fruchart, Michel and Lidon, Pierre and Thibierge, Etienne and Champion, Maxime and {Le Diffon}, Arnaud},
edition = {DeBoeck},
keywords = {agreg},
mendeley-tags = {agreg},
title = {{Physique exp{\'{e}}rimentale}},
year = {2016}
}
@book{Bertin1984a,
author = {Bertin, Michel and Faroux, Jean-Pierre and Renault, Jacques},
edition = {Dunod Univ},
keywords = {agreg},
mendeley-tags = {agreg},
title = {{Thermodynamique}},
year = {1984}
}
@book{Fosset2014,
author = {Fosset, Bruno and Baudin, Jean-Bernard and Lahit{\`{e}}te, Fr{\'{e}}d{\'{e}}ric},
edition = {Dunod},
keywords = {agreg},
mendeley-tags = {agreg},
title = {{Tout en Un Chimie PC-PC*}},
year = {2014}
}
@book{Fosset2016,
abstract = {Tr{\`{e}}s bon ouvrage pour les r{\'{e}}visions de chimie en solution acqueuse},
author = {Fosset, Bruno and Baudin, Jean-Bernard and Lahit{\`{e}}te, Fr{\'{e}}d{\'{e}}ric},
edition = {Dunod},
keywords = {agreg},
mendeley-tags = {agreg},
title = {{Tout en Un Chimie PCSI}},
year = {2016}
}
@book{Sanz2016,
abstract = {Bon exos pour comprendre le cours},
author = {Sanz, Marie-No{\"{e}}lle and Vandenbrouck, Fran{\c{c}}ois and Salamito, Bernard and Chardon, Dominique},
edition = {Dunod},
keywords = {agreg},
mendeley-tags = {agreg},
title = {{Tout en Un Physique PC-PC*}},
year = {2016}
}
@book{Salamito2016,
author = {Salamito, Bernard and Cardini, St{\'{e}}phane and Jurine, Damien and Sanz, Marie-No{\"{e}}lle},
edition = {Dunod},
keywords = {agreg},
mendeley-tags = {agreg},
title = {{Tout en Un Physique PCSI}},
year = {2016}
}
