@article{Abbott2016,
author = {Abbott, B. P. et al.},
journal = {Physical Review Letters},
title = {Observation of gravitational waves from a binary black hole merger},
year = {2016}
}
